@string{AdvAM = "Advances in Applied Math."}
@string{ADVAM2 = "Adv. in Math."}
@string{ALGEL1 = "Algebra and Logic"}
@string{ALGEL2 = "Algebra i Logika"}
@string{AMEJM = "Amer. J. Math."}
@string{ANNMA2 = "Ann. of Math. (2)"}
@string{ANNMA = "Ann. of Math."}
@string{ARCMB1 = "Arch. Math. (Basel)"}
@string{ASMSzeged = "Acta Sci. Math. (Seged)"}
@string{AU = "Algebra Universalis"}
@string{BAMS = "Bull. Amer. Math. Soc."}
@string{BULAM2 = "Bull. Austral. Math. Soc."}
@string{BLMS = "Bull. London Math. Soc."}
@string{BOLSP1 = "Bol. Soc. Port. Mat."}
@string{BULSMF = "Bull. Soc. Math. France"}
@string{CJM = "Can. J. Math."}
@string{CANMB = "Canad. Math. Bull."}
@string{COLLM = "Colloq. Math."}
@string{COLLM1 = "Collect. Math."}
@string{COMMA2 = "Comm. Algebra"}
@string{COMPO = "Compositio Math."}
@string{CRACA = "C. R. Acad. Sci. Paris S\'er. A."}
@string{CRACA1 = "C. R. Acad. Sci. Paris S\'er. I Math."}
@string{CRACSP = "C. R. Acad. Sci. Paris"}
@string{CzMJ = "Czech. Math. J."}
@string{DM = "Discrete Math."}
@string{DUKMJ = "Duke Math. J."}
@string{ELEIK2 = "Elektron. Informationsverarb. Kybernet."}
@string{ERGTD = "Ergodic Theory Dynamical Systems"}
@string{etal = "et al"}
@string{GMJ = "Glasgow Math. J."}
@string{IEETI2 = "IEEE Trans. Inform. Theory"}
@string{IJAC = "Int. J. Algebra Comput."}
@string{ILLJM = "Illinois J. Math."}
@string{INFOC2 = "Inform. and Control"}
@string{INFPL2 = "Inform. Process. Lett."}
@string{INVEM = "Invent. Math."}
@string{ISRJM = "Israel J. Math."}
@string{IzvAN = "Izv. Akad. Nauk SSSR Ser. Mat."}
@string{IZVUG = "Izv. Ural. Gos. Univ. Mat. Mekh."}
@string{IZVVU4 = "Izv. Vyssh. Uchebn. Zaved. Mat."}
@string{JACM = "J. ACM"}
@string{JA = "J. Algebra"}
@string{JALGEAPPL = "J. Algebra Appl."}
@string{JALGO = "J. Algorithms"}
@string{JAMEM = "J. Amer. Math. Soc."}
@string{JAUSMA = "J. Austral. Math. Soc., Ser. A"}
@string{JAUSM = "J. Austral. Math. Soc."}
@string{JCOMI2 = "J. Combin. Inform. System Sci."}
@string{JCOMTA = "J. Combin. Theory Ser. A"}
@string{JCOMTB = "J. Combin. Theory Ser. B"}
@string{JCOMT = "J. Combin. Theory"}
@string{JCOMS = "J. Comput. System Sci."}
@string{JLMS2 = "J. London Math. Soc. (2)"}
@string{JLMS = "J. London Math. Soc."}
@string{JMATP7 = "J. Math. Pures Appl."}
@string{JPAA = "J. Pure Appl. Algebra"}
@string{JRAM = "J. Reine Angew. Math."}
@string{JSYMC = "J. Symb. Comput."}
@string{LNCS = "Lecture Notes in Computer Science"}
@string{LNM = "Lecture Notes in Mathematics"}
@string{MANUM = "Manuscripta Math."}
@string{MATHA = "Math. Ann."}
@string{MATHI = "Math. Intelligencer"}
@string{MATHS3 = "Math. Slovaca"}
@string{MATHZ = "Math. Z."}
@string{MATSB1 = "Mat. Sb. (N.S.)"}
@string{MATST = "Math. Systems Theory"}
@string{MATUI = "Math. USSR-Izv."}
@string{MATUS = "Math. USSR-Sb."}
@string{MONAM = "Monatsh. Math."}
@string{MPCPS = "Math. Proc. Cambridge Phil. Soc."}
@string{MZ = "Math. Zeitschrift"}
@string{PAMS = "Proc. Amer. Math. Soc."}
@string{PEMS = "Proc. Edinburgh Math. Soc."}
@string{PJM = "Pacific J. of Math."}
@string{PLMS = "Proc. London Math. Soc."}
@string{PORTM = "Portugal. Math."}
@string{PROLM2 = "Proc. London Math. Soc. (3)"}
@string{PRSE = "Proc. Royal Soc. Edinburgh"}
@string{PUBMAT = "Pub. Mat."}
@string{rairo = "RAIRO Inf. Th\'eor. et Appl."}
@string{RAIRO = "RAIRO Inf. Th\'eor. et Appl."}
@string{RM = "Russian Math. (Iz. VUZ)"}
@string{SF = "Semigroup Forum"}
@string{TAMS = "Trans. Amer. Math. Soc."}
@string{TCS = "Theor. Comp. Sci."}
@string{TCSy = "Theory Comput. Syst."}
@string{ThInfAppl = "Theoret. Informatics Appl."}
@string{ZMATL2 = "Z. Math. Logik Grundlag. Math."}
