@misc{ietfweb,
   author = "IETF",
   title = "Request for Comments (RFC)",
   year = "2015",
   url = "https://www.ietf.org/rfc.html"
}